@article{swiprolog,
  title={{SWI-Prolog}},
  author={Wielemaker, Jan and Schrijvers, Tom and Triska, Markus and Lager, Torbj{\"o}rn},
  journal={Theory and Practice of Logic Programming},
  volume={12},
  number={1-2},
  pages={67--96},
  year={2012},
  publisher={Cambridge University Press}
}

@misc{lalrpop,
  author = {The LALRPOP Project Developers},
  title = {{LALRPOP}},
  year = {2015},
  howpublished = {{https://lalrpop.github.io/lalrpop/}},
  note = {{Accessed: 2024-10-09}}
}

@misc{wasmbindgen,
  author = {Crichton, Alex},
  title = {{wasm-bindgen}},
  year = {2014},
  howpublished = {{https://rustwasm.github.io/wasm-bindgen/}},
  note = {{Accessed: 2024-10-09}}
}

@article{tauprolog,
  title={{Tau Prolog: A Prolog Interpreter for the Web}},
  author={Riaza, Jose A},
  journal={Theory and Practice of Logic Programming},
  volume={24},
  number={1},
  pages={1--21},
  year={2024},
  publisher={Cambridge University Press}
}

@article{swish,
  title={{SWISH: SWI-Prolog for sharing}},
  author={Wielemaker, Jan and Lager, Torbj{\"o}rn and Riguzzi, Fabrizio},
  journal={arXiv preprint arXiv:1511.00915},
  year={2015}
}

@misc{prolognotes,
  title={{Prolog}},
  author={Lewis, Ian},
  year={2024},
  howpublished={{https://www.cl.cam.ac.uk/teaching/2324/Prolog}},
  note={{Accessed: 2024-10-09}}
}

@misc{wam,
  title={{An Abstract Prolog Instruction Set}},
  author={Warren, David H. D.},
  year={1983}
}

@article{mm,
  author = {Martelli, Alberto and Montanari, Ugo},
  title = {An Efficient Unification Algorithm},
  year = {1982},
  issue_date = {April 1982},
  publisher = {Association for Computing Machinery},
  address = {New York, NY, USA},
  volume = {4},
  number = {2},
  issn = {0164-0925},
  url = {https://doi.org/10.1145/357162.357169},
  doi = {10.1145/357162.357169},
  journal = {ACM Trans. Program. Lang. Syst.},
  month = apr,
  pages = {258â€“282},
  numpages = {25}
}

@misc{jsprolog,
  title={{jsProlog}},
  author={Cubiwan},
  year={2017},
  howpublished={{https://github.com/cubiwan/jsProlog}}
}

@misc{hitchhiker,
  title={{hitchiker Prolog}},
  author={CapelliC},
  year={2018},
  howpublished={{https://github.com/CapelliC/hhprolog}}
}

@inproceedings{tarau,
  title={{A Hitchhiker's Guide to Reinventing a Prolog Machine}},
  author={Tarau, Paul},
  booktitle={Technical Communications of the 33rd International Conference on Logic Programming (ICLP 2017)},
  year={2018},
  organization={Schloss Dagstuhl-Leibniz-Zentrum fuer Informatik}
}

@article{pengines,
  title={Pengines: Web logic programming made easy},
  author={Lager, Torbj{\"o}rn and Wielemaker, Jan},
  journal={Theory and Practice of Logic Programming},
  volume={14},
  number={4-5},
  pages={539--552},
  year={2014},
  publisher={Cambridge University Press}
}

@misc{swiprologwasm,
  title={{Using SWI-Prolog in your browser (WASM)}},
  author={{SWI-Prolog developers}},
  howpublished={{https://www.swi-prolog.org/pldoc/man?section=wasm}}
}